% %% This BibTeX bibliography file was created using BibDesk.
% %% http://bibdesk.sourceforge.net/

  @misc{ wiki:001,
    author = "{Wikipedia contributors}",
    title = "Bharatanatyam --- {Wikipedia}{,} The Free Encyclopedia",
    year = "2020",
    url = "https://en.wikipedia.org/w/index.php?title=Bharatanatyam&oldid=956699282",
    note = "[Online; accessed 31-May-2020]"
  }
   @misc{ wiki:002,
    author = "{Wikipedia contributors}",
    title = "Kinect --- {Wikipedia}{,} The Free Encyclopedia",
    year = "2020",
    url = "https://en.wikipedia.org/w/index.php?title=Kinect&oldid=958970348",
    note = "[Online; accessed 1-June-2020]"
  }
  @misc{ wiki:003,
    author = "{Wikipedia contributors}",
    title = "Optical flow --- {Wikipedia}{,} The Free Encyclopedia",
    year = "2020",
    url = "https://en.wikipedia.org/w/index.php?title=Optical_flow&oldid=956430495",
    note = "[Online; accessed 2-June-2020]"
  }
  
    @misc{ wiki:004,
    author = "{Wikipedia contributors}",
    title = "Sangeet Natak Akademi --- {Wikipedia}{,} The Free Encyclopedia",
    year = "2020",
    url = "https://en.wikipedia.org/w/index.php?title=Sangeet_Natak_Akademi&oldid=952792162",
    note = "[Online; accessed 4-June-2020]"
  }


@article{williams2004shadow,
  title={In the Shadow of Hollywood Orientalism: Authentic East Indian Dancing},
  author={Williams, Drid},
  journal={Visual Anthropology},
  volume={17},
  number={1},
  pages={69--98},
  year={2004},
  publisher={Taylor \& Francis}
}

@book{schechner2010between,
  title={Between theater and anthropology},
  author={Schechner, Richard},
  year={2010},
  publisher={University of Pennsylvania press}
}



 @incollection{mallick2018characterization,
  title={Characterization, Detection, and Synchronization of Audio-Video Events in Bharatanatyam Adavus},
  author={Mallick, Tanwi and Das, Partha Pratim and Majumdar, Arun Kumar},
   booktitle={Heritage Preservation},
   pages={241--268},
   year={2018},
   publisher={Springer}
 }

 @article{sharma2013recognising,
   title={Recognising BharataNatyam dance sequences using RGB-D data},
   author={Sharma, Apratim},
   journal={IIT, Kanpur, India},
   year={2013}
 }

@inproceedings{aich2017nrityaguru,
  title={Nrityaguru: A dance tutoring system for bharatanatyam using kinect},
  author={Aich, Achyuta and Mallick, Tanwi and Bhuyan, Himadri BGS and Das, Partha Pratim and Majumdar, Arun Kumar},
  booktitle={National Conference on Computer Vision, Pattern Recognition, Image Processing, and Graphics},
  pages={481--493},
  year={2017},
  organization={Springer}
}

@inproceedings{sankhla2017automated,
  title={Automated translation of human postures from kinect data to labanotation},
  author={Sankhla, Anindhya and Kalangutkar, Vinanti and Bhuyan, Himadri BGS and Mallick, Tanwi and Nautiyal, Vivek and Das, Partha Pratim and Majumdar, Arun Kumar},
  booktitle={National Conference on Computer Vision, Pattern Recognition, Image Processing, and Graphics},
  pages={494--505},
  year={2017},
  organization={Springer}
}

@article{konevcny2014one,
  title={One-shot-learning gesture recognition using hog-hof features},
  author={Kone{\v{c}}n{\`y}, Jakub and Hagara, Michal},
  journal={The Journal of Machine Learning Research},
  volume={15},
  number={1},
  pages={2513--2532},
  year={2014},
  publisher={JMLR. org}
}
@article{barron1994performance,
  title={Performance of optical flow techniques},
  author={Barron, John L and Fleet, David J and Beauchemin, Steven S},
  journal={International journal of computer vision},
  volume={12},
  number={1},
  pages={43--77},
  year={1994},
  publisher={Springer}
}
@inproceedings{shams2007efficient,
  title={Efficient histogram algorithms for NVIDIA CUDA compatible devices},
  author={Shams, Ramtin and Kennedy, RA and others},
  booktitle={Proc. Int. Conf. on Signal Processing and Communications Systems (ICSPCS)},
  pages={418--422},
  year={2007},
  organization={Citeseer}
}

@inproceedings{sekma2013human,
  title={Human action recognition using temporal segmentation and accordion representation},
  author={Sekma, Manel and Mejdoub, Mahmoud and Amar, Chokri Ben},
  booktitle={International Conference on Computer Analysis of Images and Patterns},
  pages={563--570},
  year={2013},
  organization={Springer}
}

@article{cooper2007video,
  title={Video segmentation via temporal pattern classification},
  author={Cooper, Matthew and Liu, Ting and Rieffel, Eleanor},
  journal={IEEE transactions on multimedia},
  volume={9},
  number={3},
  pages={610--618},
  year={2007},
  publisher={IEEE}
}

@inproceedings{chaudhry2009histograms,
  title={Histograms of oriented optical flow and binet-cauchy kernels on nonlinear dynamical systems for the recognition of human actions},
  author={Chaudhry, Rizwan and Ravichandran, Avinash and Hager, Gregory and Vidal, Ren{\'e}},
  booktitle={2009 IEEE Conference on Computer Vision and Pattern Recognition},
  pages={1932--1939},
  year={2009},
  organization={IEEE}
}

@article{laptev2005space,
  title={On space-time interest points},
  author={Laptev, Ivan},
  journal={International journal of computer vision},
  volume={64},
  number={2-3},
  pages={107--123},
  year={2005},
  publisher={Springer}
}

@inproceedings{efros2003recognizing,
  title={Recognizing action at a distance},
  author={Efros, Alexei A and Berg, Alexander C and Mori, Greg and Malik, Jitendra},
  booktitle={null},
  pages={726},
  year={2003},
  organization={IEEE}
}

@inproceedings{tran2008human,
  title={Human activity recognition with metric learning},
  author={Tran, Du and Sorokin, Alexander},
  booktitle={European conference on computer vision},
  pages={548--561},
  year={2008},
  organization={Springer}
}

@inproceedings{liu2010key,
  title={Key frame extraction from MPEG video stream},
  author={Liu, Guozhu and Zhao, Junming},
  booktitle={2010 Third International Symposium on Information Processing},
  pages={423--427},
  year={2010},
  organization={IEEE}
}
